@manual{Schwickert2010,
	author={Schwickert, Müller, Dodenbender, Odermatt, Klier, Mader, Kirchhof, Stoev},
	title={Einführung in MS Dynamics NAV 2009},
	year={2016},
	url={http://wiwi.uni-giessen.de/dl/det/Schwickert/40540/arbeitspapiere-wi-022010-einfuehrung-in-ms-dynamics-nav-2009---reader-zur-wbt-serie},
	urldate = {2019-05-25}
}

@article{WongTein2003,
	author = {Bernard Wong, David Tein},
	year = {2003},
	month = {01},
	pages = {1-2},
	title = {Critical Success Factors for ERP Projects},
	url = {https://www.researchgate.net/publication/229022123_Critical_Success_Factors_for_ERP_Projects},urldate = {2019-05-25}
}

@article{DuplagaMarzie2003,
	author = {A. Duplaga, Edward and Astani, Marzie},
	year = {2003},
	month = {06},
	pages = {68-75},
	title = {Implementing ERP in Manufacturing},
	volume = {20},
	booktitle = {IS Management},
	url ={http://www.dsg.univr.it/documenti/OccorrenzaIns/matdid/matdid965805.pdf},
	urldate = {2019-05-25}
}

@book{BrummelPatterns2015,
	author = {Mark Brummel},
	year = {2015}, 
	pages = {135-136},
	title = {Learning Dynamics NAV Patterns},
	subtitle = {Create solutions that are easy to maintain, are quick to upgrade, and follow proven concepts and design},
	publisher = {Packt Publishing},
	hyphenation={english},
	url={https://www.microsoft.com/en-us/p/learning-dynamics-nav-patterns/fgqpf3h0qc1j?activetab=pivot%3aoverviewtab},
	urldate = {2019-05-25}
}

@book{studebaker2007programming,
	title={Programming Microsoft Dynamics NAV},
	author={Studebaker, David},
	year={2007},
	publisher={Packt Publishing Ltd},
}

@book{Stryk2014,
	author = {Jörg A. Stryk},
	year = {2014},
	title = {The NAV/SQL Performance Field Guide},
	publisher = {Books on Demand},
	hyphenation = {english},
}

@book{KahlertGiza2016,
	author = {Tobias Kahlert and Kay Giza},
	year = {2016},
	title = {Visual Studio Code Tips and Tricks},
	publisher = {Microsoft Press},
	hyhpenation = {english},
	url = {https://www.microsoft.com/germany/techwiese/aktionen/visual-studio-code-ebook-download.aspx},
	urldate = {2019-05-25}
}

@book{roys2009implementing,
	title={Implementing Microsoft Dynamics NAV 2009},
	author={Roys, David and Babic, Vjekoslav},
	year={2009},
	publisher={Packt Publishing Ltd}
}

@book{Sah2016,
	author = {Rabindra Sah},
	year = {2016},
	title = {Mastering Microsoft Dynamics NAV 2016},
	publisher = {Packt Publishing},
	hyphenation = {english},
	url = {https://books.google.at/books?id=oLkrDwAAQBAJ},
	urldate = {2019-05-25},
}

@article{doi:10.1002/smr.239,
	author = {Nah, Fiona Fui-Hoon and Faja, Silvana and Cata, Teuta},
	title = {Characteristics of ERP software maintenance: a multiple case study},
	journal = {Journal of Software Maintenance and Evolution: Research and Practice},
	volume = {13},
	number = {6},
	pages = {399-414},
	keywords = {enterprise resource planning, software maintenance lifecycle, maintenance trends},
	url = {https://onlinelibrary.wiley.com/doi/abs/10.1002/smr.239},
	urldate = {2019-05-25},
	year = {2001}
}

@book{DynamicsNAV2018Anwenderbuch,
	author = {Gayer, Michaela and Christian Hauptmann and Jürgen Ebert},
	year = {2018},
	title = {Microsoft Dynamics NAV 2018: Das Anwenderbuch zur Abwicklung von Geschäftsprozessen},
	publisher = {Carl Hanser Verlag GmbH Co KG},
	hyphenation = {german}
}

@book{DesignAndImplementationGayer,
	author = {Michaela Gayer},
	year = {2016},
	title = {Microsoft Dynamics NAV - Einführung in Design und Programmierung},
	publisher = {mbst books},
	hyphenation = {german}
}

@article{fowler2006continuous,
	title={Continuous integration},
	author={Fowler, Martin and Foemmel, Matthew},
	journal={Thought-Works) http://www. thoughtworks. com/Continuous Integration. pdf},
	volume={122},
	pages={14},
	year={2006}
}

@online{msdnDesigningApplicationObjects,
	author = {Microsoft},
	title = {Designing Application Objects},
	year = 2016,
	url = {https://docs.microsoft.com/en-us/dynamics-nav/designing-application-objects#object-oriented-vs-object-based},
	urldate = {2019-05-01}
}

@online{msdnRecordAPI,
	author = {Microsoft},
	title = {Business Central Developer Help},
	year = 2019,
	url = {https://docs.microsoft.com/en-us/dynamics365/business-central/dev-itpro/developer/methods-auto/record/record-data-type
	},
	urldate = {2019-05-01}
}

@online{msdnProductArchitecture,
	author = {Microsoft},
	title = {Product and Architecture Overview},
	year = 2017,
	url = {https://docs.microsoft.com/en-us/dynamics-nav/product-and-architecture-overview},
	urldate = {2019-05-22}
}

@online{stefanetti2019,
	author = {Roberto Stefanetti},
	title = {Goodbay to C/SIDE and Windows Client!},
	year = 2019,
	url = {https://robertostefanettinavblog.com/2019/04/01/goodbay-to-c-side-and-windows-client/},
	urldate = {2019-05-25}
}

@online{freddysblog,
	author = {Freddy Kristiansen},
	title = {Developing Business Central Extensions},
	year = {2018},
	url = {https://community.dynamics.com/business/b/freddysblog/archive/2018/11/12/developing-business-central-extensions-part-1-prerequisites},
	urldate = {2019-05-25} 
}

@article{hoque2015,
	author = {Hoque, Md and Bahssas, Dania and Albar, Adnan},
	year = {2015},
	month = {06},
	pages = {72-81},
	title = {Enterprise Resource Planning (ERP) Systems: Design, Trends and Deployment},
	volume = {Vol. 5 (2015),},
	journal = {The International Technology Management Review,},
	doi = {10.2991/itmr.2015.5.2.2}
}

@inproceedings{Sternad2013SuccessFF,
	title={Success Factors for Dynamics NAV Solution Implementation : What Matters and How},
	journal = {Journal of Integrated Enterprise Systems},
	author={Simona Sternad and Samo Bobek},
	year={2012}
}

@article{imcontrolling,
	title={Controlling und ERP-Systeme: Aktuelle Ergebnisse der eingesetzten ERP-Systeme im Controlling in {\"O}sterreich},
	author={Birgit Feldbauer-Durstmüller, Bernhard Gärtner},
	journal={Controller Magazin},
	publisher={Verlag für Controllingwissen},
	year={2013},
	month={07}
}

@online{waldo2019,
	author = {Eric Wauters},
	title = {Developing Business Central Extensions/Apps in Team},
	year = 2018,
	month = 07,
	url = {http://www.waldo.be/2018/07/11/developing-business-central-extensionsapps-in-team/},
	urldate = {2019-05-25}
}





